<record><leader>00000cas a22000007a 4500</leader><controlfield tag="001">11837344</controlfield><controlfield tag="008">850322d19021902wiuwr ne      0    0eng d</controlfield><datafield ind1=" " ind2=" " tag="010"><subfield code="a">sn 85040364 </subfield></datafield><datafield ind1=" " ind2=" " tag="040"><subfield code="a">NPV</subfield><subfield code="b">eng</subfield><subfield code="c">NPV</subfield><subfield code="d">OCLCQ</subfield></datafield><datafield ind1=" " ind2=" " tag="042"><subfield code="a">msc</subfield></datafield><datafield ind1=" " ind2=" " tag="043"><subfield code="a">n-us-wi</subfield></datafield><datafield ind1=" " ind2=" " tag="045"><subfield code="a">x0x0</subfield></datafield><datafield ind1=" " ind2=" " tag="052"><subfield code="a">4123</subfield><subfield code="b">D7</subfield></datafield><datafield ind1="0" ind2="0" tag="245"><subfield code="a">Superior Sunday leader.</subfield></datafield><datafield ind1="1" ind2="3" tag="246"><subfield code="a">Superior leader</subfield></datafield><datafield ind1="1" ind2="7" tag="246"><subfield code="a">Sunday leader</subfield></datafield><datafield ind1=" " ind2=" " tag="260"><subfield code="a">Superior, Wis. :</subfield><subfield code="b">Superior Leader,</subfield><subfield code="c">1902-1902.</subfield></datafield><datafield ind1=" " ind2=" " tag="300"><subfield code="a">1 v. :</subfield><subfield code="b">ill.</subfield></datafield><datafield ind1=" " ind2=" " tag="310"><subfield code="a">Weekly</subfield></datafield><datafield ind1="0" ind2=" " tag="362"><subfield code="a">Twelfth year (Jan. 26, 1902)-twelfth year (Feb. 9, 1902).</subfield></datafield><datafield ind1=" " ind2=" " tag="530"><subfield code="a">Available on microfilm from The State Historical Society of Wisconsin.</subfield></datafield><datafield ind1=" " ind2=" " tag="752"><subfield code="a">United States</subfield><subfield code="b">Wisconsin</subfield><subfield code="c">Douglas</subfield><subfield code="d">Superior.</subfield></datafield><datafield ind1="0" ind2=" " tag="775"><subfield code="t">Superior morning leader</subfield><subfield code="w">(DLC)sn 85040361</subfield></datafield><datafield ind1="0" ind2="0" tag="780"><subfield code="t">Sunday leader (Superior, Wis.)</subfield><subfield code="w">(DLC)sn 85040363</subfield></datafield><datafield ind1="0" ind2="0" tag="785"><subfield code="t">Sunday morning leader (Superior, Wis.)</subfield><subfield code="w">(DLC)sn 85040365</subfield></datafield></record>